@misc{CostElection,
  author = {Iva Horvatovic},
  howpublished = {url:"https://www.svt.se/nyheter/ett-nyval-kostar-miljoner"},
  title = {Extra val kostar Ã¶ver 200 miljoner},
  year = {2014}
}